%% This BibTeX bibliography file was created using BibDesk.
%% https://bibdesk.sourceforge.io/

%% Created for Keaton Quinn at 2023-08-02 14:16:18 -0400 


%% Saved with string encoding Unicode (UTF-8) 



@article{Krasnov-Schlenker2008,
	author = {Krasnov, Kirill and Schlenker, Jean-Marc},
	date-added = {2023-08-02 12:09:14 -0400},
	date-modified = {2023-08-02 12:10:40 -0400},
	journal = {Comm. Math. Phys.},
	number = {3},
	pages = {637--668},
	title = {On the renormalized volume of hyperbolic 3-manifolds},
	volume = {279},
	year = {2008}}

@book{Lee2018,
	author = {Lee, John M.},
	date-added = {2023-08-02 12:01:05 -0400},
	date-modified = {2023-08-02 12:06:12 -0400},
	edition = {Second},
	publisher = {Springer, Cham},
	series = {Graduate Texts in Mathematics},
	title = {Introduction to {R}iemannian manifolds},
	volume = {176},
	year = {2018}}

@unpublished{Bridgeman-Bromberg2022,
	author = {Bridgeman, Martin and Bromberg, Kenneth},
	date-added = {2023-08-02 11:57:42 -0400},
	date-modified = {2023-08-02 13:58:01 -0400},
	note = {preprint},
	title = {Epstein Surfaces, $W$-Volume, and the Osgood-Stowe Differential},
	year = {2022}}

@unpublished{Schlenker2017,
	author = {Jean-Marc Schlenker},
	date-added = {2023-08-02 11:55:21 -0400},
	date-modified = {2023-08-02 14:16:13 -0400},
	eprint = {1708.01852},
	note = {preprint, arXiv:1708.01852},
	title = {Notes on the Schwarzian tensor and measured foliations at infinity of quasifuchsian manifolds},
	url = {https://arxiv.org/pdf/1708.01852.pdf},
	year = {2017},
	bdsk-url-1 = {https://arxiv.org/pdf/1708.01852.pdf},
	bdsk-url-2 = {https://arxiv.org/abs/1708.01852}}

@article{Osgood-Stowe1992,
	author = {Osgood, Brad and Stowe, Dennis},
	date-added = {2018-05-09 21:34:18 +0000},
	date-modified = {2018-05-09 21:37:03 +0000},
	fjournal = {Duke Mathematical Journal},
	journal = {Duke Math. J.},
	number = {1},
	pages = {57--99},
	title = {The {S}chwarzian derivative and conformal mapping of {R}iemannian manifolds},
	volume = {67},
	year = {1992}}
